<?xml version="1.0" encoding="UTF-8"?><collection xmlns="http://www.loc.gov/MARC21/slim"><record><leader>00622nam--2200205-i-4500</leader><controlfield tag="001">000010790</controlfield><controlfield tag="002">20161230</controlfield><controlfield tag="005">20161230201028</controlfield><controlfield tag="008">060222s1000------------r-----000-0-eng-d</controlfield><datafield ind1=" " ind2=" " tag="020"><subfield code="a">070694540</subfield></datafield><datafield ind1=" " ind2=" " tag="040"><subfield code="a">IFIN-HH</subfield></datafield><datafield ind1=" " ind2=" " tag="080"><subfield code="a">539.124.143(075)</subfield></datafield><datafield ind1="1" ind2=" " tag="100"><subfield code="a">Wertz, John E</subfield></datafield><datafield ind1="1" ind2="0" tag="245"><subfield code="a">Electron spin resonance</subfield><subfield code="b">Elementary theory and practical applications</subfield><subfield code="c">John e. wertz, james r. bolton</subfield></datafield><datafield ind1=" " ind2=" " tag="260"><subfield code="a">New York</subfield><subfield code="b">Mcgraw-hill Company</subfield><subfield code="c">1972</subfield></datafield><datafield ind1=" " ind2=" " tag="300"><subfield code="a">XIV + 497 P</subfield></datafield><datafield ind1=" " ind2=" " tag="490"><subfield code="a">Mc Graw-hill Series In Advanced Chemistry</subfield></datafield><datafield ind1="1" ind2=" " tag="700"><subfield code="a">Bolton, James R</subfield></datafield><datafield ind1=" " ind2=" " tag="852"><subfield code="a">39333</subfield><subfield code="c">539.143.43</subfield></datafield><datafield ind1=" " ind2=" " tag="CAT"><subfield code="a">Sys</subfield><subfield code="c">20110720</subfield><subfield code="h">151125</subfield></datafield></record></collection>